<?xml version="1.0" encoding="UTF-8"?><record xmlns="http://www.loc.gov/MARC21/slim" xmlns:cinclude="http://apache.org/cocoon/include/1.0" xmlns:zs="http://www.loc.gov/zing/srw/">
  <leader>00515nz  a2200145n  4500</leader>
  <controlfield tag="001">no 00012010 </controlfield>
  <controlfield tag="003">DLC</controlfield>
  <controlfield tag="005">20000222070040.0</controlfield>
  <controlfield tag="008">000221n| acannaabn          |a ana     c</controlfield>
  <datafield tag="010" ind1=" " ind2=" ">
    <subfield code="a">no 00012010 </subfield>
  </datafield>
  <datafield tag="035" ind1=" " ind2=" ">
    <subfield code="a">(OCoLC)oca05158864</subfield>
  </datafield>
  <datafield tag="040" ind1=" " ind2=" ">
    <subfield code="a">TxU</subfield>
    <subfield code="b">eng</subfield>
    <subfield code="c">TxU</subfield>
  </datafield>
  <datafield tag="110" ind1="2" ind2=" ">
    <subfield code="a">Gruppa R.A.s. "Delu Truda"</subfield>
  </datafield>
  <datafield tag="410" ind1="2" ind2=" ">
    <subfield code="a">Gruppa Russkikh Anarkhistov Sodeĭstvii︠a︡ "Delu Truda"</subfield>
  </datafield>
  <datafield tag="670" ind1=" " ind2=" ">
    <subfield code="a">Anarkhii︠a︡, jun.-jul. 1930:</subfield>
    <subfield code="b">t.p. (Gruppa R.A.s. "Delu Truda") p. 4 (Gruppa Russkikh Anarkhistov Sodeĭstvii︠a︡ "Delu Truda")</subfield>
  </datafield>
</record>